<?xml version="1.0" encoding="UTF-8"?><collection xmlns="http://www.loc.gov/MARC21/slim"><record><leader>00472nam--2200181-u-4500</leader><controlfield tag="001">000053609</controlfield><controlfield tag="002">20161230</controlfield><controlfield tag="005">20161230201051</controlfield><controlfield tag="008">110509s1000------------r-----000-0-rus-d</controlfield><datafield ind1=" " ind2=" " tag="040"><subfield code="a">IFIN-HH</subfield></datafield><datafield ind1=" " ind2=" " tag="041"><subfield code="a">rus</subfield></datafield><datafield ind1=" " ind2=" " tag="080"><subfield code="a">536.24:621.1.001.57</subfield></datafield><datafield ind1="1" ind2=" " tag="100"><subfield code="a">Kozdoba, L.A</subfield></datafield><datafield ind1="1" ind2="0" tag="245"><subfield code="a">Elektriceskoe modelirovanie iavlenii teplo- i massoperenosa</subfield><subfield code="c">L.a. kozdoba</subfield></datafield><datafield ind1=" " ind2=" " tag="260"><subfield code="a">Moskva</subfield><subfield code="b">Energia</subfield><subfield code="c">1972</subfield></datafield><datafield ind1=" " ind2=" " tag="300"><subfield code="a">296P</subfield></datafield><datafield ind1=" " ind2=" " tag="852"><subfield code="a">38410</subfield><subfield code="c">536</subfield></datafield><datafield ind1=" " ind2=" " tag="CAT"><subfield code="a">Sys</subfield><subfield code="c">20110509</subfield><subfield code="h">142559</subfield></datafield></record></collection>